<?xml version="1.0" encoding="UTF-8"?><collection xmlns="http://www.loc.gov/MARC21/slim"><record><leader>00606nam--2200181-i-4500</leader><controlfield tag="001">000014039</controlfield><controlfield tag="002">20161230</controlfield><controlfield tag="005">20161230201030</controlfield><controlfield tag="008">060222s1000------------r-----000-0-fre-d</controlfield><datafield ind1=" " ind2=" " tag="040"><subfield code="a">IFIN-HH</subfield></datafield><datafield ind1=" " ind2=" " tag="041"><subfield code="a">fre</subfield></datafield><datafield ind1=" " ind2=" " tag="080"><subfield code="a">539.746.3:548.73(043)</subfield></datafield><datafield ind1="1" ind2=" " tag="100"><subfield code="a">Chiheb, Malik</subfield></datafield><datafield ind1="1" ind2="0" tag="245"><subfield code="a">Etude par diffraction des rayons x a haute tem perature de la phase alpha et de l equilibre alpha&lt;==&gt;betta de systemes lanthanide -hydrogene (ou deuterium)</subfield><subfield code="b">These</subfield><subfield code="c">Malik chiheb</subfield></datafield><datafield ind1=" " ind2=" " tag="260"><subfield code="a">Orsay</subfield><subfield code="b">Universite De Paris-sud</subfield><subfield code="c">1980</subfield></datafield><datafield ind1=" " ind2=" " tag="300"><subfield code="a">98 P.+ ANNEXE</subfield></datafield><datafield ind1=" " ind2=" " tag="852"><subfield code="a">49656</subfield><subfield code="c">537.531</subfield></datafield><datafield ind1=" " ind2=" " tag="CAT"><subfield code="a">Sys</subfield><subfield code="c">20110810</subfield><subfield code="h">123409</subfield></datafield></record></collection>